<?xml version="1.0" encoding="UTF-8"?><collection xmlns="http://www.loc.gov/MARC21/slim"><record><leader>00362nam--2200121-i-4500</leader><controlfield tag="001">000016620</controlfield><controlfield tag="002">20161230</controlfield><controlfield tag="005">20161230201031</controlfield><controlfield tag="008">060222s1000------------r-----000-0-eng-d</controlfield><datafield ind1=" " ind2=" " tag="245"><subfield code="a">Department of lasers. progress report 1995-1996 bucharest-roumania</subfield></datafield><datafield ind1=" " ind2=" " tag="260"><subfield code="a">Bucharest, Institute Of Atomic Physics, 1996</subfield></datafield><datafield ind1=" " ind2=" " tag="490"><subfield code="a">132p</subfield></datafield><datafield ind1=" " ind2=" " tag="852"><subfield code="a">061.62(498):001.891:621.375.826</subfield></datafield></record></collection>